<record xmlns="http://www.loc.gov/MARC21/slim" xmlns:xsi="http://www.w3.org/2001/XMLSchema-instance" xsi:schemaLocation="http://www.loc.gov/MARC21/slim http://www.loc.gov/standards/marcxml/schema/MARC21slim.xsd"><leader>     nam a22        4500</leader><controlfield tag="001">3068372</controlfield><controlfield tag="003">NNC</controlfield><controlfield tag="006">m        d        </controlfield><controlfield tag="007">cr cn |||m|||a</controlfield><controlfield tag="008">150316s1906    ua      o     000 0 arard</controlfield><datafield ind1=" " ind2=" " tag="040"><subfield code="a">NNU</subfield><subfield code="b">eng</subfield><subfield code="e">rda</subfield><subfield code="c">NNU</subfield></datafield><datafield ind1=" " ind2="4" tag="050"><subfield code="a">DS234</subfield><subfield code="b">.B17</subfield></datafield><datafield ind1="1" ind2=" " tag="100"><subfield code="6">880-01</subfield><subfield code="a">Bahjat, &#699;Ali&#772;.</subfield></datafield><datafield ind1="1" ind2="0" tag="245"><subfield code="6">880-02</subfield><subfield code="a">Qa&#772;mu&#772;s al-amkinah wa-al-biqa&#772;&#699; allati&#772; yarid dhikruha&#772; fi&#772; kutub al-futu&#772;h&#803; /</subfield><subfield code="c">li-ja&#772;mi&#699;ih &#699;Ali&#772; Bahjat.</subfield></datafield><datafield ind1=" " ind2=" " tag="250"><subfield code="6">880-03</subfield><subfield code="a">al-T&#803;ab&#699;ah 1.</subfield></datafield><datafield ind1=" " ind2=" " tag="260"><subfield code="6">880-04</subfield><subfield code="a">[Egypt] :</subfield><subfield code="b">Mat&#803;ba&#699;at al-Taqaddum,</subfield><subfield code="c">1906.</subfield></datafield><datafield ind1=" " ind2=" " tag="300"><subfield code="a">online resource (216 pages)</subfield></datafield><datafield ind1=" " ind2=" " tag="336"><subfield code="a">text</subfield><subfield code="2">rdacontent</subfield></datafield><datafield ind1=" " ind2=" " tag="337"><subfield code="a">computer</subfield><subfield code="2">rdamedia</subfield></datafield><datafield ind1=" " ind2=" " tag="338"><subfield code="a">online resource</subfield><subfield code="2">rdacarrier</subfield></datafield><datafield ind1=" " ind2=" " tag="500"><subfield code="a">Part of the Arabic Collections Online (ACO) project, contributed by Columbia University Libraries.</subfield></datafield><datafield ind1=" " ind2=" " tag="533"><subfield code="a">Electronic reproduction.</subfield><subfield code="b">New York, N.Y. :</subfield><subfield code="c">New York University,</subfield><subfield code="d">2015.</subfield><subfield code="5">NNU</subfield></datafield><datafield ind1=" " ind2="0" tag="650"><subfield code="a">Names, Geographical</subfield><subfield code="x">Arabic.</subfield></datafield><datafield ind1=" " ind2="7" tag="650"><subfield code="a">Names, Geographical</subfield><subfield code="x">Arabic.</subfield><subfield code="2">fast</subfield><subfield code="0">(OCoLC)fst01751762</subfield></datafield><datafield ind1="2" ind2=" " tag="710"><subfield code="a">Columbia University.</subfield><subfield code="b">Libraries.</subfield></datafield><datafield ind1="0" ind2=" " tag="730"><subfield code="a">Arabic Collections Online.</subfield></datafield><datafield ind1="0" ind2="8" tag="776"><subfield code="i">Online version:</subfield><subfield code="a">Bahjat, &#699;Ali&#772;.</subfield><subfield code="t">Qa&#772;mu&#772;s al-amkinah wa-al-biqa&#772;&#699; allati&#772; yarid dhikruha&#772; fi&#772; kutub al-futu&#772;h&#803;.</subfield><subfield code="b">al-T&#803;ab&#699;ah 1.</subfield><subfield code="d">[Egypt] : Mat&#803;ba&#699;at al-Taqaddum, 1906</subfield><subfield code="w">(OCoLC)604721098</subfield></datafield><datafield ind1="0" ind2="8" tag="776"><subfield code="i">Print version:</subfield><subfield code="a">Bahjat, &#699;Ali&#772;.</subfield><subfield code="t">Qa&#772;mu&#772;s al-amkinah wa-al-biqa&#772;&#699; allati&#772; yarid dhikruha&#772; fi&#772; kutub al-futu&#772;h&#803;</subfield><subfield code="w">(NNC)3068372</subfield><subfield code="w">(OCoLC)46772774</subfield></datafield><datafield ind1="4" ind2="0" tag="856"><subfield code="u">http://hdl.handle.net/2333.1/8kprr77g</subfield></datafield><datafield ind1="1" ind2=" " tag="880"><subfield code="6">100-01/r</subfield><subfield code="a">&#1576;&#1607;&#1580;&#1578;&#1548; &#1593;&#1604;&#1610;.</subfield></datafield><datafield ind1="1" ind2="0" tag="880"><subfield code="6">245-02/r</subfield><subfield code="a">&#1602;&#1575;&#1605;&#1608;&#1587; &#1575;&#1604;&#1571;&#1605;&#1603;&#1606;&#1577; &#1608;&#1575;&#1604;&#1576;&#1602;&#1575;&#1593; &#1575;&#1604;&#1578;&#1609; &#1610;&#1585;&#1583; &#1584;&#1603;&#1585;&#1607;&#1575; &#1601;&#1610; &#1603;&#1578;&#1576; &#1575;&#1604;&#1601;&#1578;&#1608;&#1581; /</subfield><subfield code="c">&#1604;&#1580;&#1575;&#1605;&#1593;&#1607; &#1593;&#1604;&#1609; &#1576;&#1607;&#1580;&#1578;.</subfield></datafield><datafield ind1=" " ind2=" " tag="880"><subfield code="6">250-03/r</subfield><subfield code="a">&#1575;&#1604;&#1591;&#1576;&#1593;&#1577; 1.</subfield></datafield><datafield ind1=" " ind2=" " tag="880"><subfield code="6">260-04/r</subfield><subfield code="a">[&#1605;&#1589;&#1585;] :</subfield><subfield code="b">&#1605;&#1591;&#1576;&#1593;&#1577; &#1575;&#1604;&#1578;&#1602;&#1583;&#1605;&#1548;</subfield><subfield code="c">1906.</subfield></datafield><datafield ind1=" " ind2=" " tag="959"><subfield code="a">NNU</subfield><subfield code="b">WEB</subfield><subfield code="c">GENI</subfield><subfield code="t">0</subfield><subfield code="m">Electronic access</subfield><subfield code="s">01</subfield></datafield><datafield ind1=" " ind2=" " tag="999"><subfield code="i">NNC_3068372</subfield><subfield code="o">(OCoLC)ocm46772774 </subfield><subfield code="s">columbia_aco000212</subfield></datafield></record>